% This file was created with JabRef 2.6.
% Encoding: UTF8

@book{rauch, 
  title={Partial Differential Equations}, 
  author={Rauch, Jeffrey}, 
  year={1997}, 
  publisher={Springer} 
}


@book{braess2007finite,
  title={Finite elements: Theory, fast solvers, and applications in solid mechanics},
  author={Braess, Dietrich},
  year={2007},
  publisher={Cambridge University Press}
}

@book{brenner2008mathematical,
  title={The mathematical theory of finite element methods},
  author={Brenner, Susanne C and Scott, Ridgway},
  volume={15},
  year={2008},
  publisher={Springer Science \& Business Media}
}

@book{elman2014finite,
  title={Finite elements and fast iterative solvers: with applications in incompressible fluid dynamics},
  author={Elman, Howard C and Silvester, David and Wathen, Andy},
  year={2014},
  publisher={Oxford University Press}
}


@book{quarteroni2008numerical,
  title={Numerical approximation of partial differential equations},
  author={Quarteroni, Alfio and Valli, Alberto},
  volume={23},
  year={2008},
  publisher={Springer Science \& Business Media}
}





@article{Logg2007a,
  journal = {Arch. Comput. Methods Eng.},
  number = {2},
  volume = {14},
  year = {2007},
  pages = {93--138},
  author = {Anders Logg},
  title = {Automating the Finite Element Method},
}


@Article{Mortensen2011,
  Author = {M. Mortensen and H. P. Langtangen and G. N. Wells},
  Title = {A {FEniCS}-Based Programming Framework for Modeling Turbulent
  Flow by the {Reynolds}-Averaged {Navier-Stokes} Equations},
  Journal = {Advances in Water Resources},
  year = {2011},
  url = {http://dx.doi.org/10.1016/j.advwatres.2011.02.013},
}


@book{Lubliner2008,
  title={Plasticity Theory},
  author={J. Lubliner},
  year={2008},
  publisher={Dover Publications}
}

@book{Bonet1997,
  title={Nonlinear Continuum Mechanics for Finite Element Analysis},
  author={Bonet, J. and Wood, R. D.},
  year={1997},
  publisher={Cambridge University Press}
}

@article{mardal2013combining,
  title={Combining {FEniCS} with Your Favorite Software in {C}, {C++}, {FORTRAN}, or {MATLAB}},
  author={Mardal, Kent-Andre and Langtangen, Hans Petter},
  year={2013}
}




@article{kuchta2016singular,
  title={On the Singular Neumann Problem in Linear Elasticity},
  author={Kuchta, Miroslav and Mardal, Kent-Andre and Mortensen, Mikael},
  journal={arXiv preprint arXiv:1609.09425},
  year={2016}
}

@article{mardal2011preconditioning,
  title={Preconditioning discretizations of systems of partial differential equations},
  author={Mardal, Kent-Andre and Winther, Ragnar},
  journal={Numerical Linear Algebra with Applications},
  volume={18},
  number={1},
  pages={1--40},
  year={2011},
  publisher={Wiley Online Library}
}

@article{eide2016correlation,
  title={The correlation between pulsatile intracranial pressure and indices of intracranial pressure-volume reserve capacity: results from ventricular infusion testing},
  author={Eide, Per Kristian},
  journal={Journal of neurosurgery},
  volume={125},
  number={6},
  pages={1493--1503},
  year={2016},
  publisher={American Association of Neurological Surgeons}
}

@article{stoverud2016poro,
  title={Poro-elastic modeling of Syringomyelia--a systematic study of the effects of pia mater, central canal, median fissure, white and gray matter on pressure wave propagation and fluid movement within the cervical spinal cord},
  author={St{\o}verud, Karen H and Aln{\ae}s, Martin and Langtangen, Hans Petter and Haughton, Victor and Mardal, Kent-Andr{\'e}},
  journal={Computer methods in biomechanics and biomedical engineering},
  volume={19},
  number={6},
  pages={686--698},
  year={2016},
  publisher={Taylor \& Francis}
}

@article{mardal2012block,
  title={Block preconditioning of systems of PDEs},
  author={Mardal, Kent-Andre and Haga, Joachim Berdal},
  journal={Automated Solution of Differential Equations by the Finite Element Method},
  pages={643--655},
  year={2012},
  publisher={Springer}
}

@book{saad2003iterative,
  title={Iterative methods for sparse linear systems},
  author={Saad, Yousef},
  year={2003},
  publisher={SIAM}
}

